@ARTICLE{2012arXiv1201.4413T,
   author = {{Abadie}, J. and others},
    title = "{Implications for the Origin of GRB 051103 from LIGO Observations}",
  journal = {ApJ},
archivePrefix = "arXiv",
 primaryClass = "astro-ph.HE",
 keywords = {gamma-ray burst: individual: GRB 051103, gravitational waves, stars: magnetars},
     year = 2012,
    month = aug,
   volume = 755,
      eid = {2},
    pages = {2},
      doi = {10.1088/0004-637X/755/1/2},
   adsurl = {http://adsabs.harvard.edu/abs/2012ApJ...755....2A},
  adsnote = {Provided by the SAO/NASA Astrophysics Data System}
}
